@misc{Chapitre1,
    author="Graye",
    title="Chapitre 1",
    howpublished={\url{https://mp3montaignebdx.legtux.org/wp-content/Dossiers_personnels/Cours/Cours_physique/Electrocinetique/Signaux_periodiques.pdf}},
}
@misc{Chapitre2,
    author="Graye",
    title="Chapitre 2",
    howpublished={\url{https://mp3montaignebdx.legtux.org/wp-content/Dossiers_personnels/Cours/Cours_physique/Electrocinetique/Traitementnum.pdf}},
}
@misc{Chapitre3,
    author="Graye",
    title="Chapitre 3",
    howpublished={\url{https://mp3montaignebdx.legtux.org/wp-content/Dossiers_personnels/Cours/Cours_physique/Mecanique/Referentiels_non_galileens.pdf}},
}
@misc{Chapitre4,
    author="Graye",
    title="Chapitre 4",
    howpublished={\url{https://mp3montaignebdx.legtux.org/wp-content/Dossiers_personnels/Cours/Cours_physique/Mecanique/Lois_frottement_solide_final.pdf}},
}
@misc{Chapitre5,
    author="Graye",
    title="Chapitre 5",
    howpublished={\url{https://mp3montaignebdx.legtux.org/wp-content/Dossiers_personnels/Cours/Cours_physique/Optique/Modele_scalaire_onde_lumineuse.pdf}},
}
@misc{Chapitre6,
    author="Graye",
    title="Chapitre 6",
    howpublished={\url{https://mp3montaignebdx.legtux.org/wp-content/Dossiers_personnels/Cours/Cours_physique/Optique/Superposition_ondes_lumineuses.pdf}},
}
@misc{Chapitre7,
    author="Graye",
    title="Chapitre 7",
    howpublished={\url{https://mp3montaignebdx.legtux.org/wp-content/Dossiers_personnels/Cours/Cours_physique/Optique/DFO_Trous_Young.pdf}},
}
@misc{Chapitre8,
    author="Graye",
    title="Chapitre 8",
    howpublished={\url{https://mp3montaignebdx.legtux.org/wp-content/Dossiers_personnels/Cours/Cours_physique/Optique/DA_Interferometre_Michelson.pdf}},
}
@misc{Chapitre9,
    author="Graye",
    title="Chapitre 9",
    howpublished={\url{https://mp3montaignebdx.legtux.org/wp-content/Dossiers_personnels/Cours/Cours_physique/Electromagnetisme/Electrostatique/Champ_E_Coulomb_symetrie.pdf}},
}
@misc{Chapitre10,
    author="Graye",
    title="Chapitre 10",
    howpublished={\url{https://mp3montaignebdx.legtux.org/wp-content/Dossiers_personnels/Cours/Cours_physique/Electromagnetisme/Electrostatique/Formulation_locale_ES_analog_Gravitation.pdf}},
}
@misc{Chapitre11,
    author="Graye",
    title="Chapitre 11",
    howpublished={\url{https://mp3montaignebdx.legtux.org/wp-content/Dossiers_personnels/Cours/Cours_physique/Electromagnetisme/Magnetostatique/Champ_B_Theoreme_Ampere.pdf}},
}
@misc{Chapitre12,
    author="Graye",
    title="Chapitre 12",
    howpublished={\url{https://mp3montaignebdx.legtux.org/wp-content/Dossiers_personnels/Cours/Cours_physique/Electromagnetisme/Dipoles/Dipoles.pdf}},
}
@misc{Chapitre13,
    author="Graye",
    title="Chapitre 13",
    howpublished={\url{https://mp3montaignebdx.legtux.org/wp-content/Dossiers_personnels/Cours/Cours_physique/Electromagnetisme/Equations_Maxwell/Equations_Maxwell.pdf}},
}
@misc{Chapitre14,
    author="Graye",
    title="Chapitre 14",
    howpublished={\url{https://mp3montaignebdx.legtux.org/wp-content/Dossiers_personnels/Cours/Cours_physique/Electromagnetisme/Energie_electromagnetique/Energie_electromagnetique.pdf}},
}
@misc{Chapitre15,
    author="Graye",
    title="Chapitre 15",
    howpublished={\url{https://mp3montaignebdx.legtux.org/wp-content/Dossiers_personnels/Cours/Cours_physique/Electromagnetisme/OEM_vide/OEM_vide.pdf}},
}
@misc{Chapitre16,
    author="Graye",
    title="Chapitre 16",
    howpublished={\url{https://mp3montaignebdx.legtux.org/wp-content/Dossiers_personnels/Cours/Cours_physique/Electromagnetisme/OEM_plasmas/OEM_plasmas.pdf}},
}
@misc{Chapitre17,
    author="Graye",
    title="Chapitre 17",
    howpublished={\url{https://mp3montaignebdx.legtux.org/wp-content/Dossiers_personnels/Cours/Cours_physique/Electromagnetisme/OEM_reflexion/OEM_reflexion.pdf}},
}
@misc{Chapitre18,
    author="Graye",
    title="Chapitre 19",
    howpublished={\url{https://mp3montaignebdx.legtux.org/wp-content/Dossiers_personnels/Cours/Cours_physique/Electromagnetisme/OEM_rayonnement/OEM_rayonnement.pdf}},
}
@misc{Chapitre19,
    author="Graye",
    title="Chapitre 19",
    howpublished={\url{https://mp3montaignebdx.legtux.org/wp-content/Dossiers_personnels/Cours/Cours_physique/Thermodynamique/Premier_second_principe_syst_ouverts.pdf}},
}
@misc{Chapitre20,
    author="Graye",
    title="Chapitre 20",
    howpublished={\url{https://www.google.com/}},
}
@misc{Chapitre21,
    author="Graye",
    title="Chapitre 21",
    howpublished={\url{https://www.google.com/}},
}

@misc{Gradient,
    author="4blue1brown",
    title="Divergence and curl: The language of Maxwell's equations, fluid flow, and more",
    howpublished={\url{https://www.youtube.com/watch?v=rB83DpBJQsE}},
}








@misc{Chapitre1bis,
    author="Graye",
    title="Chapitre 1 - Chimie",
    howpublished={\url{https://google.com}},
}
@misc{Chapitre2bis,
    author="Graye",
    title="Chapitre 2 - Chimie",
    howpublished={\url{https://www.google.com/}},
}
@misc{Chapitre3bis,
    author="Graye",
    title="Chapitre 3 - Chimie",
    howpublished={\url{https://www.google.com/}},
}
@misc{Chapitre4bis,
    author="Graye",
    title="Chapitre 4 - Chimie",
    howpublished={\url{https://www.google.com/}},
}
@misc{Chapitre5bis,
    author="Graye",
    title="Chapitre 5 - Chimie",
    howpublished={\url{https://www.google.com/}},
}
@misc{Chapitre6bis,
    author="Graye",
    title="Chapitre 6 - Chimie",
    howpublished={\url{https://www.google.com/}},
}
@misc{Chapitre7bis,
    author="Graye",
    title="Chapitre 7 - Chimie",
    howpublished={\url{https://www.google.com/}},
}
@misc{Chapitre8bis,
    author="Graye",
    title="Chapitre 8 - Chimie",
    howpublished={\url{https://www.google.com/}},
}
@misc{Chapitre9bis,
    author="Graye",
    title="Chapitre 9 - Chimie",
    howpublished={\url{https://www.google.com/}},
}
@misc{Chapitre10bis,
    author="Graye",
    title="Chapitre 10 - Chimie",
    howpublished={\url{https://www.google.com/}},
}