@misc{Chapitre1,
    author="Graye",
    title="Chapitre 1",
    howpublished={\url{https://mp3montaignebdx.legtux.org/wp-content/Dossiers_personnels/Cours/Cours_info/Revisions_1_ordinateur_langage_python_programmation_simple.pdf}},
}
@misc{Chapitre2,
    author="Graye",
    title="Chapitre 2",
    howpublished={\url{https://mp3montaignebdx.legtux.org/wp-content/Dossiers_personnels/Cours/Cours_info/Revisions_2_programmation_types.pdf}},
}
@misc{Chapitre3,
    author="Graye",
    title="Chapitre 3",
    howpublished={\url{https://mp3montaignebdx.legtux.org/wp-content/Dossiers_personnels/Cours/Cours_info/Revisions_3_Representation_nombres_en_machine.pdf}},
}
@misc{Chapitre4,
    author="Graye",
    title="Chapitre 4",
    howpublished={\url{https://mp3montaignebdx.legtux.org/wp-content/Dossiers_personnels/Cours/Cours_info/Revisions_4_Preuve_complexite_exemples_algos.pdf}},
}
@misc{Chapitre5,
    author="Graye",
    title="Chapitre 5",
    howpublished={\url{https://mp3montaignebdx.legtux.org/wp-content/Dossiers_personnels/Cours/Cours_info/Cours_recursivite_1.pdf}},
}
@misc{Chapitre6,
    author="Graye",
    title="Chapitre 6",
    howpublished={\url{https://www.google.com/}},
}
@misc{Chapitre7,
    author="Graye",
    title="Chapitre 7",
    howpublished={\url{https://www.google.com/}},
}
@misc{Chapitre8,
    author="Graye",
    title="Chapitre 8",
    howpublished={\url{https://www.google.com/}},
}
@misc{Chapitre9,
    author="Graye",
    title="Chapitre 9",
    howpublished={\url{https://www.google.com/}},
}
@misc{Chapitre10,
    author="Graye",
    title="Chapitre 10",
    howpublished={\url{https://www.google.com/}},
}
@misc{Chapitre11,
    author="Graye",
    title="Chapitre 11",
    howpublished={\url{https://www.google.com/}},
}
@misc{Chapitre12,
    author="Graye",
    title="Chapitre 12",
    howpublished={\url{https://www.google.com/}},
}