@misc{Chapitre1,
    author="Graye",
    title="Chapitre 1",
    howpublished={\url{https://mp3montaignebdx.legtux.org/wp-content/Dossiers_personnels/Cours/Cours_physique/Electrocinetique/Signaux_periodiques.pdf}},
}
@misc{Chapitre2,
    author="Graye",
    title="Chapitre 2",
    howpublished={\url{https://mp3montaignebdx.legtux.org/wp-content/Dossiers_personnels/Cours/Cours_physique/Electrocinetique/Traitementnum.pdf}},
}
@misc{Chapitre3,
    author="Graye",
    title="Chapitre 3",
    howpublished={\url{https://mp3montaignebdx.legtux.org/wp-content/Dossiers_personnels/Cours/Cours_physique/Mecanique/Referentiels_non_galileens.pdf}},
}
@misc{Chapitre4,
    author="Graye",
    title="Chapitre 4",
    howpublished={\url{https://mp3montaignebdx.legtux.org/wp-content/Dossiers_personnels/Cours/Cours_physique/Mecanique/Lois_frottement_solide_final.pdf}},
}
@misc{Chapitre5,
    author="Graye",
    title="Chapitre 5",
    howpublished={\url{https://mp3montaignebdx.legtux.org/wp-content/Dossiers_personnels/Cours/Cours_physique/Optique/Modele_scalaire_onde_lumineuse.pdf}},
}
@misc{Chapitre6,
    author="Graye",
    title="Chapitre 6",
    howpublished={\url{https://mp3montaignebdx.legtux.org/wp-content/Dossiers_personnels/Cours/Cours_physique/Optique/Superposition_ondes_lumineuses.pdf}},
}
@misc{Chapitre7,
    author="Graye",
    title="Chapitre 7",
    howpublished={\url{https://mp3montaignebdx.legtux.org/wp-content/Dossiers_personnels/Cours/Cours_physique/Optique/DFO_Trous_Young.pdf}},
}
@misc{Chapitre8,
    author="Graye",
    title="Chapitre 8",
    howpublished={\url{https://mp3montaignebdx.legtux.org/wp-content/Dossiers_personnels/Cours/Cours_physique/Optique/DA_Interferometre_Michelson.pdf}},
}
@misc{Chapitre9,
    author="Graye",
    title="Chapitre 9",
    howpublished={\url{https://mp3montaignebdx.legtux.org/wp-content/Dossiers_personnels/Cours/Cours_physique/Electromagnetisme/Electrostatique/Champ_E_Coulomb_symetrie.pdf}},
}
@misc{Chapitre10,
    author="Graye",
    title="Chapitre 10",
    howpublished={\url{https://www.google.com/}},
}
@misc{Chapitre11,
    author="Graye",
    title="Chapitre 11",
    howpublished={\url{https://www.google.com/}},
}
@misc{Chapitre12,
    author="Graye",
    title="Chapitre 12",
    howpublished={\url{https://www.google.com/}},
}